<?xml version="1.0" encoding="UTF-8"?><collection xmlns="http://www.loc.gov/MARC21/slim"><record><leader>00466nam--2200193-u-4500</leader><controlfield tag="001">000051276</controlfield><controlfield tag="002">20161230</controlfield><controlfield tag="005">20161230201049</controlfield><controlfield tag="008">080610s1000------------r-----000-0-eng-d</controlfield><datafield ind1=" " ind2=" " tag="040"><subfield code="a">IFIN-HH</subfield></datafield><datafield ind1=" " ind2=" " tag="080"><subfield code="a">516(075.8)</subfield></datafield><datafield ind1="1" ind2=" " tag="100"><subfield code="a">Papelier, G</subfield></datafield><datafield ind1="1" ind2="0" tag="245"><subfield code="a">Precis de Geometrie Analytique</subfield></datafield><datafield ind1=" " ind2=" " tag="250"><subfield code="a">Onzieme Edition</subfield></datafield><datafield ind1=" " ind2=" " tag="260"><subfield code="a">Paris</subfield><subfield code="b">Libraire Vuibert</subfield><subfield code="c">1947</subfield></datafield><datafield ind1=" " ind2=" " tag="300"><subfield code="a">714 p</subfield></datafield><datafield ind1="1" ind2=" " tag="700"><subfield code="a">G. Papelier</subfield></datafield><datafield ind1=" " ind2=" " tag="852"><subfield code="a">554</subfield><subfield code="c">516</subfield></datafield><datafield ind1=" " ind2=" " tag="CAT"><subfield code="a">Sys</subfield><subfield code="c">20080610</subfield><subfield code="h">103243</subfield></datafield></record></collection>